<record><leader>00000cas a2200000 a 4500</leader><controlfield tag="001">27342141</controlfield><controlfield tag="008">930128d19491960caudn ne      0    0eng c</controlfield><datafield ind1=" " ind2=" " tag="010"><subfield code="a">sn 92069567 </subfield></datafield><datafield ind1=" " ind2=" " tag="040"><subfield code="a">CUY</subfield><subfield code="b">eng</subfield><subfield code="c">CNK</subfield><subfield code="d">OCLCQ</subfield><subfield code="d">CNK</subfield><subfield code="d">OCLCQ</subfield><subfield code="d">OCLCF</subfield><subfield code="d">OCLCO</subfield><subfield code="d">CNK</subfield></datafield><datafield ind1=" " ind2=" " tag="042"><subfield code="a">pcc</subfield></datafield><datafield ind1=" " ind2=" " tag="043"><subfield code="a">n-us-ca</subfield></datafield><datafield ind1="0" ind2="0" tag="245"><subfield code="a">Madera daily news-tribune.</subfield></datafield><datafield ind1=" " ind2=" " tag="260"><subfield code="a">Madera, Calif. :</subfield><subfield code="b">D.S. Lesher</subfield></datafield><datafield ind1=" " ind2=" " tag="300"><subfield code="a">v.</subfield></datafield><datafield ind1=" " ind2=" " tag="310"><subfield code="a">Daily (except Sun.)</subfield></datafield><datafield ind1="0" ind2=" " tag="362"><subfield code="a">Vol. 16, no. 147 (Feb. 1, 1949)-v. 68, no. 228 (Mar. 31, 1960).</subfield></datafield><datafield ind1=" " ind2=" " tag="530"><subfield code="a">Master negatives are available for duplication from:</subfield><subfield code="b">California Newspaper Microfilm Archive;</subfield><subfield code="c">positive copies may be purchased by the reel; for further information consult the CNMA at:</subfield><subfield code="u">http://cbsr.ucr.edu</subfield></datafield><datafield ind1=" " ind2="0" tag="651"><subfield code="a">Madera County (Calif.)</subfield><subfield code="v">Newspapers.</subfield></datafield><datafield ind1=" " ind2="7" tag="651"><subfield code="a">California</subfield><subfield code="z">Madera County.</subfield><subfield code="2">fast</subfield><subfield code="0">(OCoLC)fst01213862</subfield></datafield><datafield ind1=" " ind2="7" tag="655"><subfield code="a">Newspapers.</subfield><subfield code="2">fast</subfield><subfield code="0">(OCoLC)fst01423814</subfield></datafield><datafield ind1=" " ind2=" " tag="752"><subfield code="a">United States</subfield><subfield code="b">California</subfield><subfield code="c">Madera</subfield><subfield code="d">Madera.</subfield></datafield><datafield ind1="0" ind2="4" tag="780"><subfield code="t">Madera daily news</subfield><subfield code="w">(DLC)sn 98061796</subfield></datafield><datafield ind1="0" ind2="4" tag="780"><subfield code="t">Madera daily tribune and Madera Mercury</subfield><subfield code="w">(DLC)sn 92069566</subfield></datafield><datafield ind1="0" ind2="0" tag="785"><subfield code="t">Madera daily tribune (Madera, Calif. : 1960)</subfield><subfield code="w">(DLC)sn 92069568</subfield></datafield><datafield ind1="1" ind2=" " tag="029"><subfield code="a">AU@</subfield><subfield code="b">000020736511</subfield></datafield></record>